<?xml version="1.0" encoding="UTF-8"?><collection xmlns="http://www.loc.gov/MARC21/slim"><record><leader>00436nam--2200133-i-4500</leader><controlfield tag="001">000041224</controlfield><controlfield tag="002">20161230</controlfield><controlfield tag="005">20161230201043</controlfield><controlfield tag="008">060222s1000------------r-----000-0-eng-d</controlfield><datafield ind1=" " ind2=" " tag="080"><subfield code="a">547:543.42(043)</subfield></datafield><datafield ind1=" " ind2=" " tag="100"><subfield code="a">Sempere,Robert</subfield></datafield><datafield ind1=" " ind2=" " tag="245"><subfield code="a">Insfluence des conformeres sur les relaxations dielectrique et magnetique. generalisation du modele de hill. these</subfield></datafield><datafield ind1=" " ind2=" " tag="260"><subfield code="a">Languedoc, Univ.Des Sciences Et Techniques, 1981.P.Dif</subfield></datafield><datafield ind1=" " ind2=" " tag="852"><subfield code="a">71091</subfield></datafield></record></collection>